@article{allen1999mixed,
  title={Mixed-initiative interaction},
  author={Allen, JE and Guinn, Curry I and Horvtz, E},
  journal={IEEE Intelligent Systems and their Applications},
  volume={14},
  number={5},
  pages={14--23},
  year={1999},
  publisher={IEEE}
}

@inproceedings{alvarez2018fostering,
  title={Fostering creativity in the mixed-initiative evolutionary dungeon designer},
  author={Alvarez, Alberto and Dahlskog, Steve and Font, Jose and Holmberg, Johan and Nolasco, Chelsi and {\"O}sterman, Axel},
  booktitle={Proceedings of the 13th International Conference on the Foundations of Digital Games},
  pages={50},
  year={2018},
  organization={ACM}
}
@inproceedings{baldwin2017mixed,
  title={Mixed-initiative procedural generation of dungeons using game design patterns},
  author={Baldwin, Alexander and Dahlskog, Steve and Font, Jose M and Holmberg, Johan},
  booktitle={Computational Intelligence and Games (CIG), 2017 IEEE Conference on},
  pages={25--32},
  year={2017},
  organization={IEEE}
}
@inproceedings{johnson2010cellular,
  title={Cellular automata for real-time generation of infinite cave levels},
  author={Johnson, Lawrence and Yannakakis, Georgios N and Togelius, Julian},
  booktitle={Proceedings of the 2010 Workshop on Procedural Content Generation in Games},
  pages={10},
  year={2010},
  organization={ACM}
}
@inproceedings{karavolos2015mixed,
  title={Mixed-Initiative Design of Game Levels: Integrating Mission and Space into Level Generation.},
  author={Karavolos, Dani{\"e}l and Bouwer, Anders and Bidarra, Rafael},
  booktitle={FDG},
  year={2015}
}
@article{yannakakis2011experience,
  title={Experience-driven procedural content generation},
  author={Yannakakis, Georgios N and Togelius, Julian},
  journal={IEEE Transactions on Affective Computing},
  volume={2},
  number={3},
  pages={147--161},
  year={2011},
  publisher={IEEE}
}
@article{herlocker2004evaluating,
  title={Evaluating collaborative filtering recommender systems},
  author={Herlocker, Jonathan L and Konstan, Joseph A and Terveen, Loren G and Riedl, John T},
  journal={ACM Transactions on Information Systems (TOIS)},
  volume={22},
  number={1},
  pages={5--53},
  year={2004},
  publisher={ACM}
}
@article{doran2010controlled,
  title={Controlled procedural terrain generation using software agents},
  author={Doran, Jonathon and Parberry, Ian},
  journal={IEEE Transactions on Computational Intelligence and AI in Games},
  volume={2},
  number={2},
  pages={111--119},
  year={2010},
  publisher={IEEE}
}
@incollection{jennings1998applications,
  title={Applications of intelligent agents},
  author={Jennings, Nicholas R and Wooldridge, Michael},
  booktitle={Agent technology},
  pages={3--28},
  year={1998},
  publisher={Springer}
}
@article{ling2005length,
  title={The length of text messages and the use of predictive texting: Who uses it and how much do they have to say},
  author={Ling, Rich},
  journal={Association of Internet Researchers, Chicago, IL},
  year={2005}
}
@article{dunlop2000predictive,
  title={Predictive text entry methods for mobile phones},
  author={Dunlop, Mark D and Crossan, Andrew},
  journal={Personal Technologies},
  volume={4},
  number={2-3},
  pages={134--143},
  year={2000}
}
@techreport{carbonell1970mixed,
  title={Mixed-initiative man-computer instructional dialogues.},
  author={Carbonell, Jaime R},
  year={1970},
  institution={BOLT BERANEK AND NEWMAN INC CAMBRIDGE MASS}
}
@incollection{liapis2016mixed,
  title={Mixed-initiative content creation},
  author={Liapis, Antonios and Smith, Gillian and Shaker, Noor},
  booktitle={Procedural content generation in games},
  pages={195--214},
  year={2016},
  publisher={Springer}
}
@inproceedings{liapis2013sentient,
  title={Sentient Sketchbook: Computer-aided game level authoring.},
  author={Liapis, Antonios and Yannakakis, Georgios N and Togelius, Julian},
  booktitle={FDG},
  pages={213--220},
  year={2013}
}
@article{liapis2016can,
  title={Can Computers Foster Human Users' Creativity? Theory and Praxis of Mixed-Initiative Co-Creativity},
  author={Liapis, Antonios and Yannakakis, Georgios N and Alexopoulos, Constantine and Lopes, Phil}
}
@article{chipalkatty2013less,
  title={Less is more: Mixed-initiative model-predictive control with human inputs},
  author={Chipalkatty, Rahul and Droge, Greg and Egerstedt, Magnus B},
  journal={IEEE Transactions on Robotics},
  volume={29},
  number={3},
  pages={695--703},
  year={2013},
  publisher={IEEE}
}@inproceedings{bhatia2016targeted,
  title={Targeted advertising using behavioural data and social data mining},
  author={Bhatia, Vrinda and Hasija, Varun},
  booktitle={Ubiquitous and Future Networks (ICUFN), 2016 Eighth International Conference on},
  pages={937--942},
  year={2016},
  organization={IEEE}
}
@misc{prototype,
    author={Amy Hackney Blackwell and Elizabeth Manar},
    title={{Prototype.}},
    url={http://link.galegroup.com/apps/doc/ENKDZQ347975681/SCIC?u=dclib_main&sid=SCIC&xid=0c8f739d},
    note={Accessed 12 Nov. 2018.},
}
@incollection{budde1992prototyping,
  title={Prototyping},
  author={Budde, Reinhard and Kautz, Karlheinz and Kuhlenkamp, Karin and Z{\"u}llighoven, Heinz},
  booktitle={Prototyping},
  pages={33--46},
  year={1992},
  publisher={Springer}
}
@book{fullerton2004game,
  title={Game design workshop: Designing, prototyping, \& playtesting games},
  author={Fullerton, Tracy and Swain, Chris and Hoffman, Steven},
  year={2004},
  publisher={CRC Press}
}
@article{stempfle1999thinking,
  title={Thinking in design teams-an analysis of team communication},
  author={Stempfle, Joachim and Badke-Schaub, Petra},
  journal={Design Studies},
  volume={20},
  number={5},
  pages={439--452},
  year={1999}
}